@inproceedings{he2017decoding,
 author = {He, Di and Lu, Hanqing and Xia, Yingce and Qin, Tao and Wang, Liwei and Liu, Tie-Yan},
 booktitle = {Advances in Neural Information Processing Systems},
 editor = {I. Guyon and U. V. Luxburg and S. Bengio and H. Wallach and R. Fergus and S. Vishwanathan and R. Garnett},
 publisher = {Curran Associates, Inc.},
 title = {Decoding with Value Networks for Neural Machine Translation},
 url = {https://proceedings.neurips.cc/paper/2017/file/2b24d495052a8ce66358eb576b8912c8-Paper.pdf},
 volume = {30},
 year = {2017},
 comment = {Incorporate value networks in MT decoding.}
}

